<?xml version="1.0" encoding="UTF-8"?><collection xmlns="http://www.loc.gov/MARC21/slim"><record><leader>00401nam--2200121-i-4500</leader><controlfield tag="001">000039212</controlfield><controlfield tag="002">20161230</controlfield><controlfield tag="005">20161230201042</controlfield><controlfield tag="008">060222s1000------------r-----000-0-eng-d</controlfield><datafield ind1=" " ind2=" " tag="100"><subfield code="a">Robertson, Monteath J</subfield></datafield><datafield ind1=" " ind2=" " tag="245"><subfield code="a">Organic crystals and molecules. theory of x-ray structure analysis with applications to organic chemistry</subfield></datafield><datafield ind1=" " ind2=" " tag="260"><subfield code="a">Ithaca, New York, Cornell Univ.Press, 1953, Xi + 340p</subfield></datafield><datafield ind1=" " ind2=" " tag="852"><subfield code="a">15760</subfield></datafield></record></collection>